@misc{cc:M2AN:2023,
    author = {Clason, Christian and Nhu, Vu Huu and Rösch, Arnd},
    title = {Numerical analysis of a nonsmooth quasilinear elliptic control problem: {II. F}inite element discretization and error estimates},
    howpublished = {Submitted to ESAIM: Mathematical Modelling and Numerical Analysis},
    year = {2023},
    eprinttype = {arxiv},
    eprint = {2303.03060},
    keywords = {publist,other},
}

@article{cc:M2AN:2022,
    author = {Clason, Christian and Nhu, Vu Huu and Rösch, Arnd},
    title = {Numerical analysis of a nonsmooth quasilinear elliptic control problem: {I. E}plicit second-order optimality conditions},
    journal = {ESAIM: Mathematical Modelling and Numerical Analysis},
    year = {2024},
    pages = {Forthcoming article},
    eprinttype = {arxiv},
    eprint = {2203.16865},
    keywords = {publist},
}

@article{cc:SIREV:2021,
  author = {Christian Clason and Carla Tameling and Benedikt Wirth},
  title = {Convex relaxation of discrete vector-valued optimization problems},
  journal = {SIAM Review},
  volume = {63},
  number = {4},
  pages = {783--821},
  year = {2021},
  doi = {10.1137/21M1426237},
  eprinttype = {arxiv},
  eprint = {2108.10077},
  keywords = {publist},
}

@article{cc:COCV:2020,
  author = {Clason, Christian and Nhu, Vu Huu and Rösch, Arnd},
  title = {No-gap second-order optimality conditions for optimal control of a non-smooth quasilinear elliptic equation},
  journal = {ESAIM: Control, Optimisation and Calculus of Variations},
  volume = {27},
  pages = {62},
  year = {2021},
  doi = {10.1051/cocv/2020092},
  eprinttype = {arxiv},
  eprint = {2003.11478},
  keywords = {publist},
}

@article{cc:AMO:2019a,
  author = {Christian Clason and Karl Kunisch and Philip Trautmann},
  title = {Optimal control of the principal coefficient in a scalar wave equation},
  journal = {Applied Mathematics \& Optimization},
  year = {2021},
  doi = {10.1007/s00245-020-09733-9},
  volume = {84},
  number = {3},
  pages = {2889--2921},
  eprinttype = {arxiv},
  eprint = {1912.08672},
  keywords = {publist},
}

@article{cc:JMAA:2019,
  author = {Christian Clason and Dirk Lorenz and Hinrich Mahler and Benedikt Wirth},
  title = {Entropic regularization of continuous optimal transport problems},
  journal = {Journal of Mathematical Analysis and Applications},
  year = {2021},
  volume = {494},
  number = {1},
  pages = {124432},
  doi = {10.1016/j.jmaa.2020.124432},
  eprinttype = {arxiv},
  eprint = {1906.01333},
  keywords = {publist},
}

@article{cc:ETNA:2019,
  author = {Christian Clason and Vuu Huu Nhu},
  title = {{Bouligand--Levenberg--Marquardt} iteration for a non-smooth ill-posed problem},
  journal = {Electronic Transactions on Numerical Analysis},
  volume = {51},
  year = {2019},
  pages = {274--314},
  doi = {10.1553/etna_vol51s274},
  eprinttype = {arxiv},
  eprint = {1902.10596},
  keywords = {publist},
}

@article{cc:AMO:2019,
  author = {Christian Clason and Stanislav Mazurenko and Tuomo Valkonen},
  title = {Primal–dual proximal splitting and generalized conjugation in non-smooth non-convex optimization},
  journal = {Applied Mathematics \& Optimization},
  volume = {84},
  number = {2},
  pages = {1239--1284},
  year = {2021},
  doi = {10.1007/s00245-020-09676-1},
  eprinttype = {arxiv},
  eprint = {1901.02746},
  keywords = {publist},
}

@article{cc:MCRF:2018,
  author = {Clason, Christian and Nhu, Vu Huu and Rösch, Arnd},
  title = {Optimal control of a non-smooth quasilinear elliptic equation},
  journal = {Mathematical Control \& Related Fields},
  volume = {11},
  number = {3},
  pages = {521--554},
  year = {2021},
  doi = {10.3934/mcrf.2020052},
  eprinttype = {arxiv},
  eprint = {1810.08007},
  keywords = {publist},
}

@article{cc:OMS:2018,
  author = {Clason, Christian and Deng, Yu and Mehlitz, Patrick and Prüfert, Uwe},
  title = {Optimal control problems with control complementarity constraints},
  journal = {Optimization Methods and Software},
  volume = {35},
  number = {1},
  pages = {142--170},
  year = {2020},
  doi = {10.1080/10556788.2019.1604705},
  eprinttype = {arxiv},
  eprint = {1809.09920},
  keywords = {publist},
}

@article{cc:SIUQ:2018,
  author = {Clason, Christian and Helin, Tapio and Kretschmann, Remo and Piiroinen, Petteri},
  title = {Generalized modes in {Bayesian} inverse problems},
  journal = {SIAM/ASA Journal on Uncertainty Quantification},
  volume = {7},
  number = {2},
  pages = {652--684},
  year = {2019},
  doi = {10.1137/18M1191804},
  eprinttype = {arxiv},
  eprint = {1806.00519},
  keywords = {publist},
}

@article{cc:JIIP:2018,
  author = {Clason, Christian and Klassen, Andrej},
  title = {Quasi-solution of linear inverse problems in non-reflexive {Banach} spaces},
  journal = {Journal of Inverse and Ill-posed Problems},
  volume = {26},
  number = {5},
  pages = {689--702},
  year = {2018},
  doi = {10.1515/jiip-2018-0026},
  eprinttype = {arxiv},
  eprint = {1803.10168},
}

@article{cc:COAP:2018,
  author = {Clason, Christian and Do, Thi Bich Tram and Pörner, Frank},
  title = {Error estimates for the approximation of multibang control problems},
  journal = {Computational Optimization and Applications},
  volume = {71},
  number = {3},
  pages = {857--878},
  year = {2018},
  doi = {10.1007/s10589-018-0026-y},
  eprinttype = {arxiv},
  eprint = {1803.04298},
}

@article{cc:NM:2018,
  author = {Christian Clason and Vuu Huu Nhu},
  title = {{Bouligand--Landweber} iteration for a non-smooth ill-posed problem},
  journal = {Numerische Mathematik},
  year = {2019},
  volume = {142},
  number = {7},
  pages = {789--832},
  doi = {10.1007/s00211-019-01038-6},
  eprinttype = {arxiv},
  eprint = {1803.02290},
  keywords = {publist},
}

@article{cc:SIOPT:2018,
  author = {Christian Clason and Stanislav Mazurenko and Tuomo Valkonen},
  title = {Acceleration and global convergence of a first-order primal--dual method for nonconvex problems},
  journal = {SIAM Journal on Optimization},
  volume = {29},
  number = {1},
  year = {2019},
  pages = {933–-963},
  doi = {10.1137/18M1170194},
  eprinttype = {arxiv},
  eprint = {1802.03347},
  keywords = {publist},
}

@article{cc:Opt:2017,
  author = {Christian Clason and Akhtar A. Khan and Miguel Sama and Christiane Tammer},
  title = {Contingent derivatives and regularization for noncoercive inverse problems},
  journal = {Optimization},
  volume = {68},
  number = {7},
  year = {2019},
  pages = {1337--1364},
  doi = {10.1080/02331934.2018.1442448},
  eprinttype = {arxiv},
  eprint = {1802.05062},
  keywords = {publist},
}

@article{cc:M2AN:2017,
  author = {Christian Clason and Florian Kruse and Karl Kunisch},
  title = {Total variation regularization of multi-material topology optimization},
  journal = {ESAIM: Mathematical Modelling and Numerical Analysis},
  year = {2018},
  volume = {52},
  number = {1},
  pages = {275--303},
  doi = {10.1051/m2an/2017061},
  eprinttype = {arxiv},
  eprint = {1708.06165},
}

@article{cc:MCRF:2017,
  author = {Constantin Christof and Christian Clason and Christian Meyer and Stefan Walter},
  title = {Optimal control of a non-smooth semilinear elliptic equation},
  journal = {Mathematical Control \& Related Fields},
  volume = {8},
  number = {1},
  pages = {247--276},
  year = {2018},
  doi = {10.3934/mcrf.2018011},
  eprinttype = {arxiv},
  eprint = {1705.00939},
}
@article{COAP:2016,
  author = {Barnard, Richard C. and Christian Clason},
  title = {{$L^1$} penalization of volumetric dose objectives in optimal control of {PDEs}},
  journal = {Computational Optimization and Applications},
  volume = {67},
  number = {2},
  pages = {401--419},
  year = {2017},
  doi = {10.1007/s10589-017-9897-6},
  eprinttype = {arxiv},
  eprint = {1607.01655},
}

@article{SIOPT:2016,
  author = {Christian Clason and Tuomo Valkonen},
  title = {Primal-dual extragradient methods for nonlinear nonsmooth {PDE}-constrained optimization},
  journal = {SIAM Journal on Optimization},
  volume = {27},
  number = {3},
  pages = {1314--1339},
  year = {2017},
  doi = {10.1137/16M1080859},
  eprinttype = {arxiv},
  eprint = {1606.06219},
}

@article{SCL:2016,
  author = {Christian Clason and Karl Kunisch and Armin Rund},
  title = {Nonconvex penalization of switching control of partial differential equations},
  journal = {Systems \& Control Letters},
  volume = {106c},
  pages = {1--8},
  year = {2017},
  doi = {10.1016/j.sysconle.2017.05.006},
  eprinttype = {arxiv},
  eprint = {1605.09750},
}

@article{SVVA:2015,
  author = {Christian Clason and Tuomo Valkonen},
  title = {Stability of saddle points via explicit coderivatives of pointwise subdifferentials},
  journal = {Set-Valued and Variational Analysis},
  volume = {25},
  number = {1},
  pages = {69--112},
  year = {2017},
  doi = {10.1007/s11228-016-0366-7},
  eprinttype = {arxiv},
  eprint = {1509.06582},
}

@unpublished{cc:NAO:2020,
  author = "Christian Clason and Tuomo Valkonen",
  title = "{Introduction to Nonsmooth Analysis and Optimization}",
  year = "2020",
  eprinttype = "arxiv",
  eprint = "2020.00216",
  keywords = {publist,other},
}
@unpublished{cc:RIP:2020,
  author = "Christian Clason",
  title = "{Regularization of Inverse Problems}",
  year = "2020",
  eprinttype = "arxiv",
  eprint = "2001.00617",
  keywords = {publist,other},
}
@unpublished{cc:FEM:2017,
  author = "Christian Clason",
  title = "{Introduction to Finite Element Methods}",
  year = "2017",
  eprinttype = "arxiv",
  eprint = "1709.08618",
}

@book{cc:CTM:2020,
  author = "Christian Clason",
  title = "Introduction to Functional Analysis",
  series = "Compact Textbooks in Mathematics",
  publisher = "Birkhäuser",
  address = "Basel",
  year = "2020",
  doi = "10.1007/978-3-030-52783-9",
  keywords = {publist,other},
}
@book{cc:MaKo:2019,
  author = "Christian Clason",
  title = "Einführung in die Funktionalanalysis",
  series = "Mathematik Kompakt",
  publisher = "Birkhäuser",
  address = "Basel",
  year = "2019",
  doi = "10.1007/978-3-030-24876-5",
  keywords = {publist,other},
}
@unpublished{NIPS:2017,
  author = {Christoph Brauer and Christian Clason and Dirk Lorenz and Benedikt Wirth},
  title = {A {Sinkhorn--Newton} method for entropic optimal transport},
  year = {2017},
  eprinttype = {arxiv},
  eprint = {1710.06635},
}

@article{cc:MAGMA:2010b,
  author = {Florian Knoll and Christian Clason and Clemens Diwoky and Rudolf Stollberger},
  title = {Adapted random sampling patterns for accelerated {MRI}},
  journal = {Magnetic Resonance Materials in Physics, Biology and Medicine (MAGMA)},
  year = {2011},
  volume = {24},
  number = {1},
  pages = {43--50},
  doi = {10.1007/s10334-010-0234-7},
}
@article{cc:AO:2010a,
  author = {Manuel Freiberger and Christian Clason and Hermann Scharfetter},
  title = {Total variation regularization for nonlinear fluorescence tomography with an augmented {Lagrangian} splitting approach},
  year = {2010},
  journal = {Applied Optics},
  volume = {49},
  number = {19},
  pages = {3741--3747},
  doi = {10.1364/AO.49.003741},
  note = {Selected for Virtual Journal for Biomedical Optics, Volume 5, Issue 11},
}
@article{cc:MRM:2011a,
  author = {Florian Knoll and Christian Clason and Kristian Bredies and Martin Uecker and Rudolf Stollberger},
  title = {Parallel imaging with nonlinear reconstruction using variational penalties},
  journal = {Magnetic Resonance in Medicine},
  volume = {67},
  number = {1},
  year = {2012},
  pages = {34--41},
  doi = {10.1002/mrm.22964},
  note = {Selected for Virtual Issue: Data Sampling and Image Reconstruction},
}

@article{cc:SIIMS:2011a,
  author = {Christian Clason and Bangti Jin},
  title = {A semismooth {Newton} method for nonlinear parameter identification problems with impulsive noise},
  journal = {SIAM Journal on Imaging Sciences},
  volume = {5},
  number = {2},
  pages = {505--538},
  doi = {10.1137/110826187},
  year = {2012},
}
@article{cc:COCV:2009a,
  author = {Christian Clason and Karl Kunisch},
  title = {A duality-based approach to elliptic control problems in non-reflexive {B}anach spaces},
  journal = {ESAIM: Control, Optimisation and Calculus of Variations},
  year = {2011},
  volume = {17},
  number = {1},
  pages = {243--266},
  doi = { 10.1051/cocv/2010003},
}

@article{cc:SICON:2012,
  author = {Eduardo Casas and Christian Clason and Karl Kunisch},
  title = {Approximation of elliptic control problems in measure spaces with sparse solutions},
  journal = {SIAM Journal on Control and Optimization},
  volume = {50},
  number = {4},
  pages = {1735--1752},
  doi = {10.1137/110843216},
  year = {2012},
}
@article{cc:IP:2015,
  author = {Christian Clason and Barbara Kaltenbacher and Daniel Wachsmuth},
  title = {Functional error estimators for the adaptive discretization of inverse problems},
  journal = {Inverse Problems},
  volume = {32},
  number = {10},
  pages = {104004},
  year = {2016},
  doi = {10.1088/0266-5611/32/10/104004},
  eprinttype = {arxiv},
  eprint = {1507.08077},
}
@article{cc:EECT:2012,
  author = {Christian Clason and Barbara Kaltenbacher},
  title = {Avoiding degeneracy in the {W}estervelt equation by state constrained optimal control},
  journal = {Evolution Equations and Control Theory},
  volume = {2},
  number = {2},
  pages = {281--300},
  doi = {10.3934/eect.2013.2.281},
  year = {2013},
}

@article{cc:JMR:2015,
  author = {Christoph Aigner and Christian Clason and Armin Rund and Rudolf Stollberger},
  title = {Efficient high-resolution {RF} pulse design applied to simultaneous multi-slice excitation},
  journal = {Journal of Magnetic Resonance},
  volume = {263},
  pages = {33--44},
  year = {2016},
  doi = {10.1016/j.jmr.2015.11.013},
  eprinttype = {arxiv},
  eprint = {1702.07503},
}
@article{cc:M2AN:2015,
  author = {Christian Clason and Karl Kunisch},
  title = {A convex analysis approach to multi-material topology optimization},
  journal = {ESAIM: Mathematical Modelling and Numerical Analysis},
  volume = {50},
  number = {6},
  pages = {1917--1936},
  year = {2016},
  doi = {10.1051/m2an/2016012},
  eprinttype = {arxiv},
  eprint = {1702.07525},
}
