@article{p:Berec2022,
    author    = {Berec,  Luděk and Šmíd,  Martin and Přibylová,  Lenka and Májek,  Ondřej and Pavlík,  Tomáš and Jarkovský,  Jiří and Zajíček,  Milan and Weiner,  Jakub and Barusová,  Tamara and Trnka,  Jan},
    doi       = {10.1371/journal.pone.0270801},
    editor    = {Adnan,  Mohd},
    issn      = {1932-6203},
    journal   = {PLOS ONE},
    month     = jul,
    number    = {7},
    pages     = {e0270801},
    publisher = {Public Library of Science (PLoS)},
    title     = {Protection provided by vaccination,  booster doses and previous infection against covid-19 infection,  hospitalisation or death over time in Czechia},
    url       = {http://dx.doi.org/10.1371/journal.pone.0270801},
    volume    = {17},
    year      = {2022}
}
@article{p:Eclerova2022,
    author    = {Eclerová,  V. and Přibylová,  L. and Botha,  A. E.},
    doi       = {10.1007/s11071-022-07906-5},
    issn      = {1573-269X},
    journal   = {Nonlinear Dynamics},
    month     = sep,
    number    = {2},
    pages     = {1537–1551},
    publisher = {Springer Science and Business Media LLC},
    title     = {Embedding nonlinear systems with two or more harmonic phase terms near the Hopf–Hopf bifurcation},
    url       = {http://dx.doi.org/10.1007/s11071-022-07906-5},
    volume    = {111},
    year      = {2022}
}
@article{p:Hajnova2017,
    author    = {Hajnová,  Veronika and Přibylová,  Lenka},
    doi       = {10.1007/s00285-017-1115-8},
    issn      = {1432-1416},
    journal   = {Journal of Mathematical Biology},
    month     = mar,
    number    = {5},
    pages     = {1235–1251},
    publisher = {Springer Science and Business Media LLC},
    title     = {Two-parameter bifurcations in LPA model},
    url       = {http://dx.doi.org/10.1007/s00285-017-1115-8},
    volume    = {75},
    year      = {2017}
}
@article{p:Hajnova2019,
    author    = {Hajnová,  Veronika and Přibylová,  Lenka},
    doi       = {10.1016/j.mbs.2019.03.008},
    issn      = {0025-5564},
    journal   = {Mathematical Biosciences},
    month     = jun,
    pages     = {1–7},
    publisher = {Elsevier BV},
    title     = {Bifurcation manifolds in predator–prey models computed by Gr\"{o}bner basis method},
    url       = {http://dx.doi.org/10.1016/j.mbs.2019.03.008},
    volume    = {312},
    year      = {2019}
}
@article{p:Kalas2002,
    author    = {Kalas,  Josef and Baráková,  Lenka},
    doi       = {10.1016/s0022-247x(02)00023-9},
    issn      = {0022-247X},
    journal   = {Journal of Mathematical Analysis and Applications},
    month     = may,
    number    = {1},
    pages     = {278–300},
    publisher = {Elsevier BV},
    title     = {Stability and asymptotic behaviour of a two-dimensional differential system with delay},
    url       = {http://dx.doi.org/10.1016/S0022-247X(02)00023-9},
    volume    = {269},
    year      = {2002}
}
@article{p:Pribylova2009,
    author    = {Pribylova, Lenka},
    journal   = {Electronic Journal of Differential Equations (EJDE) [electronic only]},
    keywords  = {Hopf bifurcation; period doubling; chaos},
    language  = {eng},
    pages     = {Paper No. 53, 21 p., electronic only-Paper No. 53, 21 p., electronic only},
    publisher = {Southwest Texas State University, Department of Mathematics, San Marcos, TX; North Texas State University, Department of Mathematics, Denton},
    title     = {Bifurcation routes to chaos in an extended Van der Pol's equation applied to economic models.},
    url       = {http://eudml.org/doc/129965},
    volume    = {2009},
    year      = {2009}
}
@article{p:Pribylova2014,
    author    = {Přibylová,  Lenka and Berec,  Luděk},
    doi       = {10.1007/s00285-014-0820-9},
    issn      = {1432-1416},
    journal   = {Journal of Mathematical Biology},
    month     = aug,
    number    = {2},
    pages     = {301–323},
    publisher = {Springer Science and Business Media LLC},
    title     = {Predator interference and stability of predator–prey dynamics},
    url       = {http://dx.doi.org/10.1007/s00285-014-0820-9},
    volume    = {71},
    year      = {2014}
}
@article{p:Pribylova2017,
    author    = {Přibylová,  Lenka and Peniašková,  Anna},
    doi       = {10.1016/j.ecocom.2016.11.006},
    issn      = {1476-945X},
    journal   = {Ecological Complexity},
    month     = mar,
    pages     = {30–39},
    publisher = {Elsevier BV},
    title     = {Foraging facilitation among predators and its impact on the stability of predator–prey dynamics},
    url       = {http://dx.doi.org/10.1016/j.ecocom.2016.11.006},
    volume    = {29},
    year      = {2017}
}
@article{p:Pribylova2018,
    author    = {Přibylová,  Lenka},
    doi       = {10.1016/j.ecocom.2018.06.003},
    issn      = {1476-945X},
    journal   = {Ecological Complexity},
    month     = dec,
    pages     = {48–56},
    publisher = {Elsevier BV},
    title     = {Regime shifts caused by adaptive dynamics in prey–predator models and their relationship with intraspecific competition},
    url       = {http://dx.doi.org/10.1016/j.ecocom.2018.06.003},
    volume    = {36},
    year      = {2018}
}
@article{p:Smid2022,
    author    = {Šmíd,  Martin and Berec,  Luděk and Přibylová,  Lenka and Májek,  Ondřej and Pavlík,  Tomáš and Jarkovský,  Jiří and Weiner,  Jakub and Barusová,  Tamara and Trnka,  Jan},
    doi       = {10.1093/infdis/jiac161},
    issn      = {1537-6613},
    journal   = {The Journal of Infectious Diseases},
    month     = apr,
    number    = {8},
    pages     = {1385–1390},
    publisher = {Oxford University Press (OUP)},
    title     = {Protection by Vaccines and Previous Infection Against the Omicron Variant of Severe Acute Respiratory Syndrome Coronavirus 2},
    url       = {http://dx.doi.org/10.1093/infdis/jiac161},
    volume    = {226},
    year      = {2022}
}
