@article{z:Pribylova2025,
    author = { Přibylová, Lenka and Ševčík, Jan and Halmazňa, Tomáš and Husa, Štěpán and Malárik, Peter and Kajanová, Lucia and Polách, Miroslav and Zapadlo, Štěpán and Eclerová, Veronika},
    note   = {In review},
    title  = {Chaos Links Dendritic Calcium to Bursting in Hippocampal Pyramidal Cells},
    url    = {https://papers.ssrn.com/sol3/papers.cfm?abstract_id=5184671},
    year   = {2025}
}
@article{z:Zapadlo2023,
    author    = {Zapadlo, Štěpán and Přibylová,  Lenka},
    doi       = {10.13140/RG.2.2.13758.46408},
    journal   = {Julia and Optimization Days 2023},
    publisher = {Unpublished},
    title     = {DSTLS SINDy Optimizer and regression of Hodgkin-Huxley model onto FitzHugh-Nagumo model},
    url       = {https://rgdoi.net/10.13140/RG.2.2.13758.46408},
    year      = {2023}
}
@article{z:Zathurecky2025,
    author    = {Záthurecký,  Jakub and Eclerová,  Veronika and Ševčík,  Jan and Zapadlo,  Štěpán and Přibylová,  Lenka},
    doi       = {10.1016/j.cnsns.2025.108729},
    issn      = {1007-5704},
    journal   = {Communications in Nonlinear Science and Numerical Simulation},
    month     = feb,
    pages     = {108729},
    publisher = {Elsevier BV},
    title     = {Phase shifts inside Arnold tongues of weakly coupled oscillators},
    url       = {http://dx.doi.org/10.1016/j.cnsns.2025.108729},
    year      = {2025}
}
